5180,2699,7496,3512,8472,9219,8531,7595,3623,746,8328,8982,4225,5293,218,8013,3866,2232,9164,549,3626
9873,8666,5489,7160,6262,7319,8805,8334,4060,2504,4947,2729,7121,5220,7194,1005,3247,215,5423,5577,1040,5439,3777,6968,7965,2591,4794
1261,4147,2228,8499,6105,5270,1070,5578,1069,3769,7941,5369,524,2392,295,3982,3934,432,5147,5140,9181,3480,5507,1773,3413,1964,6888,3116,8216,24,2977,9318,2214,7454,7100,3772,2507,7728,8508,1765,9344,1567,6343,2620,2788,6779,8601,8839,1515,374,4857,783,5958,2532,2803,7033,119,9889,6915,9178,9096,2081,8470,6790,1602,7028,3340,9219,8291,1081,5946,5525,5258,2209,7349,4313,9834,8399,2732,3506,248,8827,7973,2749,641,7784,9515,8682,5831,8072,9887,3644,1499,112,1190,8647,5951,1493,9788,149,5272,1266,7015,9447,9012,5877,6595,3570,3853,53
9370,2724,5536,2031,8815,8894,9655,6733,8216
9098,4949,7287,5495,1396,7689,1135,3495,9774,2713,2999,5324,3327,7602,2511,1537,8894,2743,6221,5981,3978,1775,8718,8404,5497,3901,575,4813,5293,1205,893,4780,8986,1270,8777,7357,3914,9164,7285,5148,5164,2312,2819,8149,8605,9457,8508,3790,692,2591,7250,6560,2439,3748,5323,9778,7949,4364,248,2624,6159,5942,7696,6057,8504,5253,8275,9261,3166,9831,9834,5912,4774,8763,4419,7562,9298,9389,3929,6746,9661,8938,6548,7177,8931,3012,2883,1964,9973,7549,2628,633,9219,173,7085,3103,5982,7471,8496,1893,5428,7883,5709,2771,2945,3373,1102,6079,6968
6105,9128,2064,801,1857,8553,6843,6892,9630,4673,1879,6588,9633,3153,8458,498,5074,628,1265,6888,9750,9653,5237,1367,683,207,4809,2232,4489,1206,2912,8453,5871,8026,2254
8887,5652,6351,7411,7701,2417,8769,3112,2803,8500,6391,9650,9143,746,9496,8519,6061,6921,9553,8277,6968,7819,7690,1887,4083,9557,3093,6746,1423,9562,4912,7347,1698,165,719,7679,8318,4722,6022,1296,8124,4444,8495,9277,6717,9627,3661,80,4927,2767
2170,3137
7619,5791,3588,5313,7726,9326,5764,5193,4731,2027,2887,5693,8477
666,7407,1489,6015,9886,2887,749,9149,8164,8574,5353,5896,2788,1855,1476,2791,375,892,967,6113,4874,6894,5498,8771,1643,7810,9098,9316,2969,1942,1773,9927,7346,4004
5948,7755,4468,5527,6600,4208,4168,5538,4280,7409,1800,545,4912
5,8097,6666,3251,2574,5306,9147,7566,9983,5652,4609,6615,2564
2,4511,7084,9842
1420,4547,5113,4689,478,4395,1394,6591,3500,3695,3682,6957,8174,7479,3047,6492,5065,6534,1063,4060,4095,3929,365,800,3988,3765,5970,5430,6229
821,945,6079,9871,732,7132,9003,9030,1721,230,6561,9913,6627,63,6084,3161,5358,6271,2642,6874,4446,8898,729,5636,6866,4090,5979,3831,2232,6323,5548,9299,6182,6888,1027,2121,3092,1704,4609,5144,6738,9966,2670,2416,9227,6843,7844,5932,9573,6677,2271,7538,3891,8998,6181,3269,465,2743,7670,3825,6142,9895,5285,4487,730,9717,502,6153,4314,3626,725,5143,683,2703,5399,8584,419,9622,1803,6558,7192,9242,303
781,9871,6677,6555,5176,6323,1078,6582,2999,5056,2934,3245,5762,3410,7524,4737,1430,6229,3879,4876,4014,4110,8487
188,101,3473,9873,6310,7002,7194,5284,6501,8454,8477,8685,2830,8550,2403,5235,6857,7023,1712,6670,1063,7787,8997,1033,4090,7856,6538,3899,9001,6578,4465,9635,3453,3149,6443,3979,9192,9419,683,3819,8067,9019,6821,8038,3525,8460,3288,6327,6590,6002,5143,7055,8687,9980,1599,1971,5501,8986,8869,1205,7720,2928,9258,3901,1639,1884,6110,9942,3739,4926,7878,5065,2743,9783
5970,5578,4801,6519,4080,1638,4280,4990,3170,420,7525
4110,7931,3644,589,6626,9621,4507,6470,9539,2053,1452,4583,7431,7844,8150,1168,4970,5153,9604,112,7194,5080,1852,2261,9485,6472,1628,9098,3364,9619,5784,1587,5873
7753,633,423,142,9907,2788,1148,7485
865,5430
5430,1277,8402,5319,7596,4511,8161
7596,9189,6316,9611,1593,1293,2224,8149,8846,9268,1690,5294,8839,3000,9168,7149,3003,6100,6106,5653,3175,9055,8487,3052,1368,4426,2655,8303,5651,2578,9822,1215,8818,8608,8531,6294,3914,8295,5441,7009,9418,9859,9610,3400,6898,6926,5983,781,9369,4261,3225,2321,3015,5370,5781,8037,4314,2239,7774,3857
7512,9452,5383,8445,2157
4225,5785,3092,4204
3241,4908,7109,4748,4031,303,5930,6322,6294,8992,8728,6520,5438,9178,9418
9124,7892,7529,5122,2899,4615,7069,4831,4708,4742,9569,2993,6880,4724,7319,9389,9026,5251,2344,8000,7010,6916,2292,536,2530,7912,8371,4151,8093,5430,1643,3882,1367,9886,5220,7174,8695,1794,6319,2721,4291,501,7389,2718,9655,6356,2713
7695,6595,5745,3366,5497,2752,5140,4831,8495,3929,9113,6168,6517,4413,3136,5448,4159,3279,1332,243,112,6374,5709,8827,2072,8969,3478,8321,7288,4064,5269,5032,3608,5791,8792,2330,8990,8893,74,3491,7576,1646,527,976,135,4356,7159,8624,3373,2504,4513,4777,6853,3375,248,9326
922,6508,7057,7803,140,6575,8370,8251,4262,743,4248,1389,2424,7726,8496,4862
7803,1225,2014,1117,1499,5237,3732,3700,6497,1655,5985,6600,8716,7585,5903,7221,3003,3495,2889,2016,8894,8081,5032,9419,2292,7356,1779,2379,6756,3527,5815,5267,8553,4730,5507,7835
7163,5025
9317,3007,6975,1265,2683,9567
3527,8553,3079,6603
1130,3884,5794,5166,9679,6898,4722,5353,7113,4236,5709,7288,9545,1571,2403,8491,5251,6325,2418,1912,3422,1557,9453,5795,3145,5415,5633,8663,7793,3016,744,3241,8410,6611,4165
3296
412,7787,1896,6702,4743,4430,3739,374,1344,3225,6177,2379,6343,2896,8120,2125,9484,9553,1236,3496,4748,7402,501,3416,825,1756,9618,7450,8715,3011,5293,5948,8511,1024,4594,3608,5764,9953,3727,6746,8235,5258,7648,4747,7770,4053,4046,1748,9217,5577,1342,8006
6798,5504,7006,8206,1593,9985,8559,9937,9045,1959,2735,1010,7686,4414,7602,7444,1241,5873,5561,4448,4748,207,9051,7247,5355,3661,1025,8553,4806,5521,3001,8011,9894,1300,2237,6919,8353,7702,3440,1638,9934,1997,9545,6555,2964,226,1081,743,7166,6079,9092,3322,3048,7054,3573,1955,5653,6699,5702,3563,5220,4855,6968,127,8454,2666,6020,1053
7819,4160
9889,1102,5509,5569,2134,3406,5347,9696,6813,8251,2081,6959,3660,6538,8519,3864,921,2999,3257,735,745,9237,3883,6182,471,1505,8404,4314,6281,6015,8455,6769,7206,8418,6994,3271,5683,5239,1353,9849,2976,284,7568,523,1270,662,3256,9028,9748,7449,501,3694,1643,3038,1571,6436,9907,348,323,7253,819,5538,7522,5258,4470,5577,2970,5866
6969,2843,4584,5791,9559,8188,5625,207,9051,7306,675,731,6209,5370,8918,719,787,6303,8284,5757,8760,5192,903,4153,9863,8499,5958,5960,4157,2571,6665,5961,3745,111,5220,8070,7256,9798,6323,766,8457,8528,6327,3984,5074,7991,5508,6204,589,7123,1500,276,3850,9063,2125,8618,6518,2675,8314,8243,8838,1833,8663,121,3604,8344,6002,8006,1102,1570,9128,811,4015,4809,5079,4825,6034,6951,5018,1977,1949,6472,8588,2089,1057,5889,6307,9350,257,4351,2442,7819,8429,8487,2031,5270,2539,6874,557,7384,8747,3866,6154,9113
6563,5537,4060,8487,5399,1839,9080,7512,1431,6580,7556,8794,5543,8124,2373,5290,6472,6323,5253,4811,4091,6669,3209,1134,4889,7792,2816,4352,3328,402,1029,3304,2882,5122,6317,9045,9805,1942,7812,3370,509,3170,4876,1571,8528,7493,5501,7810,9138,3739,4117,1776
8251,2211,2607,1631,7069,8523,1500,6127,4192,9454,7695,3142,3406
8519,9837,2732,681,9936,7733
6569,8846,2963,1696,40,6575,7603,5435,4468,7973,2604,4637,6323,6397,9857,8882,3119,5981,3724,7778,6039,5933,8092,7670,5313,683
6105,7720,4405,5948,56,8000,7696,692,4033,661,4912,6751,5523,7326,6611,588
1577,4015,4722
9289,2877,378,75
2794,328
9638,6397,8284,3013,4413,2963,8986,4165,4395,3509,4261,5392,9461,111,5872,322,1595,2927,2325,2437,6010,3419,1100,6507,2886,8202,873,5923,7614
9003,6400,4313,2135,2709,2153,9900,7025,527,6930,8729,976,9391,3590,1249,5083,3485,9502,7895,3098,3163,2088,5358,3311,3178,3247,4257,1432,6037,5985,9135,9616,1493,4263,8643,4397,9007,6187,9718,4053,8718,7812,4435,1858,2031,3003,433,7312,3882,8481,1958,7585,7205,8223,3381,9001,6655,8595,4790,8584,583,8074,6921,6127,9847
5180,2699,7496,3512,8472,9219,8531,7595,3623,746,8328,8982,4225,5293,218,8013,3866,2232,9164,549,3626
9873,8666,5489,7160,6262,7319,8805,8334,4060,2504,4947,2729,7121,5220,7194,1005,3247,215,5423,5577,1040,5439,3777,6968,7965,2591,4794
1261,4147,2228,8499,6105,5270,1070,5578,1069,3769,7941,5369,524,2392,295,3982,3934,432,5147,5140,9181,3480,5507,1773,3413,1964,6888,3116,8216,24,2977,9318,2214,7454,7100,3772,2507,7728,8508,1765,9344,1567,6343,2620,2788,6779,8601,8839,1515,374,4857,783,5958,2532,2803,7033,119,9889,6915,9178,9096,2081,8470,6790,1602,7028,3340,9219,8291,1081,5946,5525,5258,2209,7349,4313,9834,8399,2732,3506,248,8827,7973,2749,641,7784,9515,8682,5831,8072,9887,3644,1499,112,1190,8647,5951,1493,9788,149,5272,1266,7015,9447,9012,5877,6595,3570,3853,53
9370,2724,5536,2031,8815,8894,9655,6733,8216
9098,4949,7287,5495,1396,7689,1135,3495,9774,2713,2999,5324,3327,7602,2511,1537,8894,2743,6221,5981,3978,1775,8718,8404,5497,3901,575,4813,5293,1205,893,4780,8986,1270,8777,7357,3914,9164,7285,5148,5164,2312,2819,8149,8605,9457,8508,3790,692,2591,7250,6560,2439,3748,5323,9778,7949,4364,248,2624,6159,5942,7696,6057,8504,5253,8275,9261,3166,9831,9834,5912,4774,8763,4419,7562,9298,9389,3929,6746,9661,8938,6548,7177,8931,3012,2883,1964,9973,7549,2628,633,9219,173,7085,3103,5982,7471,8496,1893,5428,7883,5709,2771,2945,3373,1102,6079,6968
6105,9128,2064,801,1857,8553,6843,6892,9630,4673,1879,6588,9633,3153,8458,498,5074,628,1265,6888,9750,9653,5237,1367,683,207,4809,2232,4489,1206,2912,8453,5871,8026,2254
8887,5652,6351,7411,7701,2417,8769,3112,2803,8500,6391,9650,9143,746,9496,8519,6061,6921,9553,8277,6968,7819,7690,1887,4083,9557,3093,6746,1423,9562,4912,7347,1698,165,719,7679,8318,4722,6022,1296,8124,4444,8495,9277,6717,9627,3661,80,4927,2767
2170,3137
7619,5791,3588,5313,7726,9326,5764,5193,4731,2027,2887,5693,8477
666,7407,1489,6015,9886,2887,749,9149,8164,8574,5353,5896,2788,1855,1476,2791,375,892,967,6113,4874,6894,5498,8771,1643,7810,9098,9316,2969,1942,1773,9927,7346,4004
5948,7755,4468,5527,6600,4208,4168,5538,4280,7409,1800,545,4912
5,8097,6666,3251,2574,5306,9147,7566,9983,5652,4609,6615,2564
2,4511,7084,9842
1420,4547,5113,4689,478,4395,1394,6591,3500,3695,3682,6957,8174,7479,3047,6492,5065,6534,1063,4060,4095,3929,365,800,3988,3765,5970,5430,6229
821,945,6079,9871,732,7132,9003,9030,1721,230,6561,9913,6627,63,6084,3161,5358,6271,2642,6874,4446,8898,729,5636,6866,4090,5979,3831,2232,6323,5548,9299,6182,6888,1027,2121,3092,1704,4609,5144,6738,9966,2670,2416,9227,6843,7844,5932,9573,6677,2271,7538,3891,8998,6181,3269,465,2743,7670,3825,6142,9895,5285,4487,730,9717,502,6153,4314,3626,725,5143,683,2703,5399,8584,419,9622,1803,6558,7192,9242,303
781,9871,6677,6555,5176,6323,1078,6582,2999,5056,2934,3245,5762,3410,7524,4737,1430,6229,3879,4876,4014,4110,8487
188,101,3473,9873,6310,7002,7194,5284,6501,8454,8477,8685,2830,8550,2403,5235,6857,7023,1712,6670,1063,7787,8997,1033,4090,7856,6538,3899,9001,6578,4465,9635,3453,3149,6443,3979,9192,9419,683,3819,8067,9019,6821,8038,3525,8460,3288,6327,6590,6002,5143,7055,8687,9980,1599,1971,5501,8986,8869,1205,7720,2928,9258,3901,1639,1884,6110,9942,3739,4926,7878,5065,2743,9783
5970,5578,4801,6519,4080,1638,4280,4990,3170,420,7525
4110,7931,3644,589,6626,9621,4507,6470,9539,2053,1452,4583,7431,7844,8150,1168,4970,5153,9604,112,7194,5080,1852,2261,9485,6472,1628,9098,3364,9619,5784,1587,5873
7753,633,423,142,9907,2788,1148,7485
865,5430
5430,1277,8402,5319,7596,4511,8161
7596,9189,6316,9611,1593,1293,2224,8149,8846,9268,1690,5294,8839,3000,9168,7149,3003,6100,6106,5653,3175,9055,8487,3052,1368,4426,2655,8303,5651,2578,9822,1215,8818,8608,8531,6294,3914,8295,5441,7009,9418,9859,9610,3400,6898,6926,5983,781,9369,4261,3225,2321,3015,5370,5781,8037,4314,2239,7774,3857
7512,9452,5383,8445,2157
4225,5785,3092,4204
3241,4908,7109,4748,4031,303,5930,6322,6294,8992,8728,6520,5438,9178,9418
9124,7892,7529,5122,2899,4615,7069,4831,4708,4742,9569,2993,6880,4724,7319,9389,9026,5251,2344,8000,7010,6916,2292,536,2530,7912,8371,4151,8093,5430,1643,3882,1367,9886,5220,7174,8695,1794,6319,2721,4291,501,7389,2718,9655,6356,2713
7695,6595,5745,3366,5497,2752,5140,4831,8495,3929,9113,6168,6517,4413,3136,5448,4159,3279,1332,243,112,6374,5709,8827,2072,8969,3478,8321,7288,4064,5269,5032,3608,5791,8792,2330,8990,8893,74,3491,7576,1646,527,976,135,4356,7159,8624,3373,2504,4513,4777,6853,3375,248,9326
922,6508,7057,7803,140,6575,8370,8251,4262,743,4248,1389,2424,7726,8496,4862
7803,1225,2014,1117,1499,5237,3732,3700,6497,1655,5985,6600,8716,7585,5903,7221,3003,3495,2889,2016,8894,8081,5032,9419,2292,7356,1779,2379,6756,3527,5815,5267,8553,4730,5507,7835
7163,5025
9317,3007,6975,1265,2683,9567
3527,8553,3079,6603
1130,3884,5794,5166,9679,6898,4722,5353,7113,4236,5709,7288,9545,1571,2403,8491,5251,6325,2418,1912,3422,1557,9453,5795,3145,5415,5633,8663,7793,3016,744,3241,8410,6611,4165
3296
412,7787,1896,6702,4743,4430,3739,374,1344,3225,6177,2379,6343,2896,8120,2125,9484,9553,1236,3496,4748,7402,501,3416,825,1756,9618,7450,8715,3011,5293,5948,8511,1024,4594,3608,5764,9953,3727,6746,8235,5258,7648,4747,7770,4053,4046,1748,9217,5577,1342,8006
6798,5504,7006,8206,1593,9985,8559,9937,9045,1959,2735,1010,7686,4414,7602,7444,1241,5873,5561,4448,4748,207,9051,7247,5355,3661,1025,8553,4806,5521,3001,8011,9894,1300,2237,6919,8353,7702,3440,1638,9934,1997,9545,6555,2964,226,1081,743,7166,6079,9092,3322,3048,7054,3573,1955,5653,6699,5702,3563,5220,4855,6968,127,8454,2666,6020,1053
7819,4160
9889,1102,5509,5569,2134,3406,5347,9696,6813,8251,2081,6959,3660,6538,8519,3864,921,2999,3257,735,745,9237,3883,6182,471,1505,8404,4314,6281,6015,8455,6769,7206,8418,6994,3271,5683,5239,1353,9849,2976,284,7568,523,1270,662,3256,9028,9748,7449,501,3694,1643,3038,1571,6436,9907,348,323,7253,819,5538,7522,5258,4470,5577,2970,5866
6969,2843,4584,5791,9559,8188,5625,207,9051,7306,675,731,6209,5370,8918,719,787,6303,8284,5757,8760,5192,903,4153,9863,8499,5958,5960,4157,2571,6665,5961,3745,111,5220,8070,7256,9798,6323,766,8457,8528,6327,3984,5074,7991,5508,6204,589,7123,1500,276,3850,9063,2125,8618,6518,2675,8314,8243,8838,1833,8663,121,3604,8344,6002,8006,1102,1570,9128,811,4015,4809,5079,4825,6034,6951,5018,1977,1949,6472,8588,2089,1057,5889,6307,9350,257,4351,2442,7819,8429,8487,2031,5270,2539,6874,557,7384,8747,3866,6154,9113
6563,5537,4060,8487,5399,1839,9080,7512,1431,6580,7556,8794,5543,8124,2373,5290,6472,6323,5253,4811,4091,6669,3209,1134,4889,7792,2816,4352,3328,402,1029,3304,2882,5122,6317,9045,9805,1942,7812,3370,509,3170,4876,1571,8528,7493,5501,7810,9138,3739,4117,1776
8251,2211,2607,1631,7069,8523,1500,6127,4192,9454,7695,3142,3406
8519,9837,2732,681,9936,7733
6569,8846,2963,1696,40,6575,7603,5435,4468,7973,2604,4637,6323,6397,9857,8882,3119,5981,3724,7778,6039,5933,8092,7670,5313,683
6105,7720,4405,5948,56,8000,7696,692,4033,661,4912,6751,5523,7326,6611,588
1577,4015,4722
9289,2877,378,75
2794,328
9638,6397,8284,3013,4413,2963,8986,4165,4395,3509,4261,5392,9461,111,5872,322,1595,2927,2325,2437,6010,3419,1100,6507,2886,8202,873,5923,7614
9003,6400,4313,2135,2709,2153,9900,7025,527,6930,8729,976,9391,3590,1249,5083,3485,9502,7895,3098,3163,2088,5358,3311,3178,3247,4257,1432,6037,5985,9135,9616,1493,4263,8643,4397,9007,6187,9718,4053,8718,7812,4435,1858,2031,3003,433,7312,3882,8481,1958,7585,7205,8223,3381,9001,6655,8595,4790,8584,583,8074,6921,6127,9847
5180,2699,7496,3512,8472,9219,8531,7595,3623,746,8328,8982,4225,5293,218,8013,3866,2232,9164,549,3626
9873,8666,5489,7160,6262,7319,8805,8334,4060,2504,4947,2729,7121,5220,7194,1005,3247,215,5423,5577,1040,5439,3777,6968,7965,2591,4794
1261,4147,2228,8499,6105,5270,1070,5578,1069,3769,7941,5369,524,2392,295,3982,3934,432,5147,5140,9181,3480,5507,1773,3413,1964,6888,3116,8216,24,2977,9318,2214,7454,7100,3772,2507,7728,8508,1765,9344,1567,6343,2620,2788,6779,8601,8839,1515,374,4857,783,5958,2532,2803,7033,119,9889,6915,9178,9096,2081,8470,6790,1602,7028,3340,9219,8291,1081,5946,5525,5258,2209,7349,4313,9834,8399,2732,3506,248,8827,7973,2749,641,7784,9515,8682,5831,8072,9887,3644,1499,112,1190,8647,5951,1493,9788,149,5272,1266,7015,9447,9012,5877,6595,3570,3853,53
9370,2724,5536,2031,8815,8894,9655,6733,8216
9098,4949,7287,5495,1396,7689,1135,3495,9774,2713,2999,5324,3327,7602,2511,1537,8894,2743,6221,5981,3978,1775,8718,8404,5497,3901,575,4813,5293,1205,893,4780,8986,1270,8777,7357,3914,9164,7285,5148,5164,2312,2819,8149,8605,9457,8508,3790,692,2591,7250,6560,2439,3748,5323,9778,7949,4364,248,2624,6159,5942,7696,6057,8504,5253,8275,9261,3166,9831,9834,5912,4774,8763,4419,7562,9298,9389,3929,6746,9661,8938,6548,7177,8931,3012,2883,1964,9973,7549,2628,633,9219,173,7085,3103,5982,7471,8496,1893,5428,7883,5709,2771,2945,3373,1102,6079,6968
6105,9128,2064,801,1857,8553,6843,6892,9630,4673,1879,6588,9633,3153,8458,498,5074,628,1265,6888,9750,9653,5237,1367,683,207,4809,2232,4489,1206,2912,8453,5871,8026,2254
8887,5652,6351,7411,7701,2417,8769,3112,2803,8500,6391,9650,9143,746,9496,8519,6061,6921,9553,8277,6968,7819,7690,1887,4083,9557,3093,6746,1423,9562,4912,7347,1698,165,719,7679,8318,4722,6022,1296,8124,4444,8495,9277,6717,9627,3661,80,4927,2767
2170,3137
7619,5791,3588,5313,7726,9326,5764,5193,4731,2027,2887,5693,8477
666,7407,1489,6015,9886,2887,749,9149,8164,8574,5353,5896,2788,1855,1476,2791,375,892,967,6113,4874,6894,5498,8771,1643,7810,9098,9316,2969,1942,1773,9927,7346,4004
5948,7755,4468,5527,6600,4208,4168,5538,4280,7409,1800,545,4912
5,8097,6666,3251,2574,5306,9147,7566,9983,5652,4609,6615,2564
2,4511,7084,9842
1420,4547,5113,4689,478,4395,1394,6591,3500,3695,3682,6957,8174,7479,3047,6492,5065,6534,1063,4060,4095,3929,365,800,3988,3765,5970,5430,6229
821,945,6079,9871,732,7132,9003,9030,1721,230,6561,9913,6627,63,6084,3161,5358,6271,2642,6874,4446,8898,729,5636,6866,4090,5979,3831,2232,6323,5548,9299,6182,6888,1027,2121,3092,1704,4609,5144,6738,9966,2670,2416,9227,6843,7844,5932,9573,6677,2271,7538,3891,8998,6181,3269,465,2743,7670,3825,6142,9895,5285,4487,730,9717,502,6153,4314,3626,725,5143,683,2703,5399,8584,419,9622,1803,6558,7192,9242,303
781,9871,6677,6555,5176,6323,1078,6582,2999,5056,2934,3245,5762,3410,7524,4737,1430,6229,3879,4876,4014,4110,8487
188,101,3473,9873,6310,7002,7194,5284,6501,8454,8477,8685,2830,8550,2403,5235,6857,7023,1712,6670,1063,7787,8997,1033,4090,7856,6538,3899,9001,6578,4465,9635,3453,3149,6443,3979,9192,9419,683,3819,8067,9019,6821,8038,3525,8460,3288,6327,6590,6002,5143,7055,8687,9980,1599,1971,5501,8986,8869,1205,7720,2928,9258,3901,1639,1884,6110,9942,3739,4926,7878,5065,2743,9783
5970,5578,4801,6519,4080,1638,4280,4990,3170,420,7525
4110,7931,3644,589,6626,9621,4507,6470,9539,2053,1452,4583,7431,7844,8150,1168,4970,5153,9604,112,7194,5080,1852,2261,9485,6472,1628,9098,3364,9619,5784,1587,5873
7753,633,423,142,9907,2788,1148,7485
865,5430
5430,1277,8402,5319,7596,4511,8161
7596,9189,6316,9611,1593,1293,2224,8149,8846,9268,1690,5294,8839,3000,9168,7149,3003,6100,6106,5653,3175,9055,8487,3052,1368,4426,2655,8303,5651,2578,9822,1215,8818,8608,8531,6294,3914,8295,5441,7009,9418,9859,9610,3400,6898,6926,5983,781,9369,4261,3225,2321,3015,5370,5781,8037,4314,2239,7774,3857
7512,9452,5383,8445,2157
4225,5785,3092,4204
3241,4908,7109,4748,4031,303,5930,6322,6294,8992,8728,6520,5438,9178,9418
9124,7892,7529,5122,2899,4615,7069,4831,4708,4742,9569,2993,6880,4724,7319,9389,9026,5251,2344,8000,7010,6916,2292,536,2530,7912,8371,4151,8093,5430,1643,3882,1367,9886,5220,7174,8695,1794,6319,2721,4291,501,7389,2718,9655,6356,2713
7695,6595,5745,3366,5497,2752,5140,4831,8495,3929,9113,6168,6517,4413,3136,5448,4159,3279,1332,243,112,6374,5709,8827,2072,8969,3478,8321,7288,4064,5269,5032,3608,5791,8792,2330,8990,8893,74,3491,7576,1646,527,976,135,4356,7159,8624,3373,2504,4513,4777,6853,3375,248,9326
922,6508,7057,7803,140,6575,8370,8251,4262,743,4248,1389,2424,7726,8496,4862
7803,1225,2014,1117,1499,5237,3732,3700,6497,1655,5985,6600,8716,7585,5903,7221,3003,3495,2889,2016,8894,8081,5032,9419,2292,7356,1779,2379,6756,3527,5815,5267,8553,4730,5507,7835
7163,5025
9317,3007,6975,1265,2683,9567
3527,8553,3079,6603
1130,3884,5794,5166,9679,6898,4722,5353,7113,4236,5709,7288,9545,1571,2403,8491,5251,6325,2418,1912,3422,1557,9453,5795,3145,5415,5633,8663,7793,3016,744,3241,8410,6611,4165
3296
412,7787,1896,6702,4743,4430,3739,374,1344,3225,6177,2379,6343,2896,8120,2125,9484,9553,1236,3496,4748,7402,501,3416,825,1756,9618,7450,8715,3011,5293,5948,8511,1024,4594,3608,5764,9953,3727,6746,8235,5258,7648,4747,7770,4053,4046,1748,9217,5577,1342,8006
6798,5504,7006,8206,1593,9985,8559,9937,9045,1959,2735,1010,7686,4414,7602,7444,1241,5873,5561,4448,4748,207,9051,7247,5355,3661,1025,8553,4806,5521,3001,8011,9894,1300,2237,6919,8353,7702,3440,1638,9934,1997,9545,6555,2964,226,1081,743,7166,6079,9092,3322,3048,7054,3573,1955,5653,6699,5702,3563,5220,4855,6968,127,8454,2666,6020,1053
7819,4160
9889,1102,5509,5569,2134,3406,5347,9696,6813,8251,2081,6959,3660,6538,8519,3864,921,2999,3257,735,745,9237,3883,6182,471,1505,8404,4314,6281,6015,8455,6769,7206,8418,6994,3271,5683,5239,1353,9849,2976,284,7568,523,1270,662,3256,9028,9748,7449,501,3694,1643,3038,1571,6436,9907,348,323,7253,819,5538,7522,5258,4470,5577,2970,5866
6969,2843,4584,5791,9559,8188,5625,207,9051,7306,675,731,6209,5370,8918,719,787,6303,8284,5757,8760,5192,903,4153,9863,8499,5958,5960,4157,2571,6665,5961,3745,111,5220,8070,7256,9798,6323,766,8457,8528,6327,3984,5074,7991,5508,6204,589,7123,1500,276,3850,9063,2125,8618,6518,2675,8314,8243,8838,1833,8663,121,3604,8344,6002,8006,1102,1570,9128,811,4015,4809,5079,4825,6034,6951,5018,1977,1949,6472,8588,2089,1057,5889,6307,9350,257,4351,2442,7819,8429,8487,2031,5270,2539,6874,557,7384,8747,3866,6154,9113
6563,5537,4060,8487,5399,1839,9080,7512,1431,6580,7556,8794,5543,8124,2373,5290,6472,6323,5253,4811,4091,6669,3209,1134,4889,7792,2816,4352,3328,402,1029,3304,2882,5122,6317,9045,9805,1942,7812,3370,509,3170,4876,1571,8528,7493,5501,7810,9138,3739,4117,1776
8251,2211,2607,1631,7069,8523,1500,6127,4192,9454,7695,3142,3406
8519,9837,2732,681,9936,7733
6569,8846,2963,1696,40,6575,7603,5435,4468,7973,2604,4637,6323,6397,9857,8882,3119,5981,3724,7778,6039,5933,8092,7670,5313,683
6105,7720,4405,5948,56,8000,7696,692,4033,661,4912,6751,5523,7326,6611,588
1577,4015,4722
9289,2877,378,75
2794,328
9638,6397,8284,3013,4413,2963,8986,4165,4395,3509,4261,5392,9461,111,5872,322,1595,2927,2325,2437,6010,3419,1100,6507,2886,8202,873,5923,7614
9003,6400,4313,2135,2709,2153,9900,7025,527,6930,8729,976,9391,3590,1249,5083,3485,9502,7895,3098,3163,2088,5358,3311,3178,3247,4257,1432,6037,5985,9135,9616,1493,4263,8643,4397,9007,6187,9718,4053,8718,7812,4435,1858,2031,3003,433,7312,3882,8481,1958,7585,7205,8223,3381,9001,6655,8595,4790,8584,583,8074,6921,6127,9847
